<record><leader>00000cas a2200000 a 4500</leader><controlfield tag="001">14200876</controlfield><controlfield tag="008">860910d1858187ucaudn ne      0    0eng c</controlfield><datafield ind1=" " ind2=" " tag="010"><subfield code="a">sn 86058107 </subfield></datafield><datafield ind1=" " ind2=" " tag="040"><subfield code="a">NPI</subfield><subfield code="b">eng</subfield><subfield code="c">NPI</subfield><subfield code="d">CNK</subfield><subfield code="d">OCL</subfield><subfield code="d">CNK</subfield><subfield code="d">OCLCQ</subfield><subfield code="d">OCLCF</subfield><subfield code="d">OCLCO</subfield></datafield><datafield ind1="1" ind2=" " tag="029"><subfield code="a">AU@</subfield><subfield code="b">000020236089</subfield></datafield><datafield ind1=" " ind2=" " tag="042"><subfield code="a">pcc</subfield></datafield><datafield ind1=" " ind2=" " tag="043"><subfield code="a">n-us-ca</subfield></datafield><datafield ind1="0" ind2="4" tag="245"><subfield code="a">The daily Butte record.</subfield></datafield><datafield ind1=" " ind2=" " tag="260"><subfield code="a">Oroville [Calif. :</subfield><subfield code="b">s.n.]</subfield></datafield><datafield ind1=" " ind2=" " tag="300"><subfield code="a">v. ;</subfield><subfield code="c">55 cm.</subfield></datafield><datafield ind1=" " ind2=" " tag="310"><subfield code="a">Daily (except Sun.)</subfield></datafield><datafield ind1="0" ind2=" " tag="362"><subfield code="a">Vol. 2, no. 168 (Feb. 1, 1858)-</subfield></datafield><datafield ind1=" " ind2=" " tag="500"><subfield code="a">Published in Chico, Calif., 1873-</subfield></datafield><datafield ind1=" " ind2=" " tag="515"><subfield code="a">Numbering is irregular.</subfield></datafield><datafield ind1=" " ind2=" " tag="530"><subfield code="a">Master negatives are available for duplication from:</subfield><subfield code="b">California Newspaper Microfilm Archive;</subfield><subfield code="c">positive copies may be purchased by the reel; for further information consult the CNMA at:</subfield><subfield code="u">http://cbsr.ucr.edu</subfield></datafield><datafield ind1=" " ind2="0" tag="651"><subfield code="a">Butte County (Calif.)</subfield><subfield code="v">Newspapers.</subfield></datafield><datafield ind1=" " ind2="7" tag="655"><subfield code="a">Newspapers.</subfield><subfield code="2">fast</subfield><subfield code="0">(OCoLC)fst01423814</subfield></datafield><datafield ind1=" " ind2="7" tag="651"><subfield code="a">California</subfield><subfield code="z">Butte County.</subfield><subfield code="2">fast</subfield><subfield code="0">(OCoLC)fst01215262</subfield></datafield><datafield ind1=" " ind2=" " tag="752"><subfield code="a">United States</subfield><subfield code="b">California</subfield><subfield code="c">Butte</subfield><subfield code="d">Chico.</subfield></datafield><datafield ind1=" " ind2=" " tag="752"><subfield code="a">United States</subfield><subfield code="b">California</subfield><subfield code="c">Butte</subfield><subfield code="d">Oroville.</subfield></datafield><datafield ind1="0" ind2=" " tag="775"><subfield code="t">Weekly Butte record (Oroville, Calif. : 1858)</subfield><subfield code="w">(DLC)sn 86058108</subfield></datafield><datafield ind1="0" ind2=" " tag="775"><subfield code="t">Weekly Butte record (Oroville, Calif. : 1866)</subfield><subfield code="w">(DLC)sn 84038763</subfield></datafield><datafield ind1="0" ind2="0" tag="780"><subfield code="t">Oroville daily Butte record</subfield><subfield code="w">(DLC)sn 86058106</subfield></datafield><datafield ind1="0" ind2="0" tag="785"><subfield code="t">Chico daily evening record</subfield><subfield code="w">(DLC)sn 93052043</subfield></datafield></record>